@Manual{Camacho2024,
	title = {Análisis del mercado inmobiliario en Bogotá},
	author = {{Camacho}},
	organization = {Kaggle},
	year = {2024},
	url = {https://www.kaggle.com/datasets/pablobravo73/real-estate-bogota},
}
